%%% My papers %%%%%
@inproceedings{Chiou2015,
	author = {Chiou, Manolis and Hawes, Nick and Stolkin, Rustam and Shapiro, Kimron L. and Kerlin, Jess R. and Clouter, Andrew},
	booktitle = {Systems, Man, and Cybernetics (SMC), 2015 IEEE International Conference on},
	pages = {1053--1059},
	title = {{Towards the Principled Study of Variable Autonomy in Mobile Robots}},
	year = {2015}
}

@inproceedings{Chiou2016,
author = {Chiou, Manolis and Bieksaite, Goda and Stolkin, Rustam and Hawes, Nick and Shapiro, Kimron L. and Harrison, Timothy S.},
booktitle = {IEEE/RSJ International Conference on Intelligent Robots and Systems (IROS)},
pages = {3581--3588},
title = {{Experimental analysis of a variable autonomy framework for controlling a remotely operating mobile robot}},
year = {2016}
}

@inproceedings{Chiou2016_AAAI,
author = {Chiou, Manolis and Bieksaite, Goda and Hawes, Nick and Stolkin, Rustam},
booktitle = {AAAI Fall Symposium Series: Shared Autonomy in Research and Practice},
pages = {304--310},
title = {{Human-Initiative Variable Autonomy: An Experimental Analysis of the Interactions Between a Human Operator and a Remotely Operated Mobile Robot which also Possesses Autonomous Capabilities}},
year = {2016}
}


%%% Rest of papers %%%%%
@misc{fuku_blog,
  author = {IEEE Spectrum magazine},
  title = {Fukushima Robot Operator Writes Tell-All Blog},
  howpublished = {\url{http://spectrum.ieee.org/automaton/robotics/industrial-robots/fukushima-robot-operator-diaries}},
  note = {Accessed: 2016-12-22}
}

@misc{fuku_science,
  author = {Science magazine},
  title = {How robots are becoming critical players in nuclear disaster cleanup},
  howpublished = {\url{http://www.sciencemag.org/news/2016/03/how-robots-are-becoming-critical-players-nuclear-disaster-cleanup}},
  note = {Accessed: 2016-12-22}
}

@inproceedings{Marder-Eppstein2010,
	author = {Marder-Eppstein, Eitan and Berger, Eric and Foote, Tully and Gerkey, Brian and Konolige, Kurt},
	booktitle = {IEEE International Conference on Robotics and Automation (ICRA)},
	pages = {300--307},
	title = {{The office marathon: Robust navigation in an indoor office environment}},
	year = {2010}
}

@inproceedings{Dole2015,
	author = {Dole, Lorin D. and Sirkin, David M. and Murphy, Robin R. and Nass, Clifford I.},
	booktitle = {IEEE International Workshop on Robot and Human Interactive Communication (RO-MAN)},
	pages = {707--714},
	title = {{Robots Need Humans in the Loop to Improve the Hopefulness of Disaster Survivors}},
	year = {2015}
}

@article{Nagatani2013,
	author = {Nagatani, Keiji and Kiribayashi, Seiga and Okada, Yoshito and Otake, Kazuki and Yoshida, Kazuya and Nishimura, Takeshi and Yoshida, Tomoaki and Koyanagi, Eiji and Tadokoro, Satoshi and Fukushima, Mineo and Kawatsuma, Shinji},
	journal = {Journal of Field Robotics},
	number = {1},
	pages = {44--63},
	title = {{Emergency Response to the Nuclear Accident at the Fukushima Daiichi Nuclear Power Plants using Mobile Rescue Robots}},
	volume = {30},
	year = {2013}
}

@inproceedings{Seward2005,
author = {Seward, Derek W. and Bakari, Mohamed J.},
booktitle = {22nd International Symposium on Automation and Robotics in Construction (ISARC)},
number = {0},
pages = {11--14},
title = {{The use of robotics and automation in nuclear decommissioning}},
volume = {44},
year = {2005}
}

@inproceedings{Khurshid2004,
author = {Khurshid, Javaid and Bing-rong, Hong},
booktitle = {International Conference on Control, Automation, Robotics and Vision},
pages = {771 -- 777},
title = {{Military robots-a glimpse from today and tomorrow}},
year = {2004}
}

@article{Blitch1996,
author = {Blitch, John G.},
journal = {Expert Systems with Applications},
number = {2},
pages = {109--124},
title = {{Artificial intelligence technologies for robot assisted urban search and rescue}},
volume = {11},
year = {1996}
}

@inproceedings{kadous2005caster,
author = {Kadous, Mohammed Waleed and Sheh, Raymond Ka-Man and Sammut, Claude},
booktitle = {Australasian Conference on Robotics and Automation},
pages = {1--10},
title = {{Caster: A robot for urban search and rescue}},
year = {2005}
}


@article{Murphy2004,
	author = {Murphy, Robin R.},
	journal = {IEEE Transactions on Systems, Man and Cybernetics, Part C (Applications and Reviews)},
	month = {may},
	number = {2},
	pages = {138--153},
	title = {{Human-Robot Interaction in Rescue Robotics}},
	volume = {34},
	year = {2004}
}

@article{Lichiardopol2007,
	author = {Lichiardopol, S},
	journal = {Technische Universiteit Eindhoven, Department Mechanical Engineering, Dynamics and Control Group},
	number = {DCT 2007.155},
	title = {{A Survey on Teleoperation}},
	volume = {Tech. Rep.},
	year = {2007}
}

@inproceedings{Yanco_HRI_SA_04,
	author = {Yanco, Holly A. and Drury, Jill},
	booktitle = {IEEE International Conference on Systems, Man and Cybernetics (SMC)},
	pages = {2835--2840},
	title = {{"Where am I?" Acquiring situation awareness using a remote robot platform}},
	volume = {3},
	year = {2004}
}

@article{Hokayem2006,
	author = {Hokayem, Peter F. and Spong, Mark W.},
	journal = {Automatica},
	month = {Dec},
	number = {12},
	pages = {2035--2057},
	title = {{Bilateral teleoperation: An historical survey}},
	volume = {42},
	year = {2006}
}

@article{Sheridan1989,
	author = {Sheridan, Thomas B.},
	journal = {Automatica},
	number = {4},
	pages = {487--507},
	title = {{Telerobotics}},
	volume = {25},
	year = {1989}
}

@article{Chen2007,
	author = {Chen, Jessie Y. C. and Haas, Ellen C. and Barnes, Michael J.},
	journal = {Systems, Man and Cybernetics, Part C (Applications and Reviews)},
	month = {nov},
	number = {6},
	pages = {1231--1245},
	title = {{Human Performance Issues and User Interface Design for Teleoperated Robots}},
	volume = {37},
	year = {2007}
}

@inproceedings{Yanco2006,
	author = {Yanco, HA and Baker, Michael and Casey, R and Keyes, Brenden},
	booktitle = {IEEE International Workshop on Safety, Security and Rescue Robotics.},
	pages = {22--24},
	title = {{Analysis of human-robot interaction for urban search and rescue}},
	year = {2006}
}

@inproceedings{Baker2004,
	author = {Baker, Michael and Casey, Robert and Keyes, Brenden and Yanco, Holly A.},
	booktitle = {IEEE International Conference on Systems, Man and Cybernetics (SMC)},
	pages = {2960--2965},
	title = {{Improved interfaces for human-robot interaction in urban search and rescue}},
	volume = {3},
	year = {2004}
}

@article{Yanco2004,	
	author = {Yanco, Holly and Drury, Jill and Scholtz, Jean},
	journal = {Human-Computer Interaction},
	month = {jun},
	number = {1},
	pages = {117--149},
	title = {{Beyond Usability Evaluation: Analysis of Human-Robot Interaction at a Major Robotics Competition}},
	volume = {19},
	year = {2004}
}

@inproceedings{Scholtz2004a,
	author = {Scholtz, Jean and Young, Jeff and Drury, Jill L. and Yanco, Holly A.},
	booktitle = {IEEE International Conference on Robotics and Automation (ICRA)},
	pages = {2327--2332 Vol.3},
	title = {{Evaluation of human-robot interaction awareness in search and rescue}},
	year = {2004}
}

@article{Nielsen2007a,
	author = {Nielsen, Curtis W. and Goodrich, Michael A. and Ricks, Robert W.},
	journal = {IEEE Transactions on Robotics},
	number = {5},
	pages = {927--941},
	title = {{Ecological interfaces for improving mobile robot teleoperation}},
	volume = {23},
	year = {2007}
}

@inproceedings{Caldwell1996,
	author = {Caldwell, Darwin G. and Reddy, K. and Kocak, O. and Wardle, A.},
	booktitle = {IEEE International Conference on Robotics and Automation (ICRA)},
	pages = {1375--1380},
	title = {{Sensory requirements and performance assessment of tele-presence controlled robots}},
	year = {1996}
}

@inproceedings{Caldwell1994,
	author = {Caldwell, Darwin G. and Wardle, Andrew and Goodwin, Michael},
	booktitle = {IEEE International Conference on Robotics and Automation (ICRA)},
	pages = {244--249},
	title = {{Tele-presence: visual, audio and tactile feedback and control of a twin armed mobile robot}},
	year = {1994}
}

@article{CasperMurphy911,
	author = {Casper, Jennifer L. and Murphy, Robin R.},
	journal = {IEEE Transactions on Systems, Man, and Cybernetics, Part B: Cybernetics},
	number = {3},
	pages = {367--385},
	title = {{Human-Robot Interactions During the Robot-Assisted Urban Search and Rescue Response at the World Trade Center}},
	volume = {33},
	year = {2003}
}

@article{Yanco2015DARPA,
	author = {Yanco, Holly A. and Norton, Adam and Ober, Willard and Shane, David and Skinner, Anna and Vice, Jack},
	journal = {Journal of Field Robotics},
	number = {3},
	pages = {420--444},
	title = {{Analysis of Human-robot Interaction at the DARPA Robotics Challenge Trials}},
	volume = {32},
	year = {2015}
}

@article{Liu2013,
	author = {Liu, Yugang and Nejat, Goldie},
	journal = {Journal of Intelligent and Robotic Systems},
	month = {mar},
	number = {2},
	pages = {147--165},
	title = {{Robotic Urban Search and Rescue: A Survey from the Control Perspective}},
	volume = {72},
	year = {2013}
}

@article{Murphy2005a,
	author = {Murphy, Robin R. and Burke, Jennifer L.},
	journal = {Proceedings of the Human Factors and Ergonomics Society 49th Annual Meeting},
	month = {sep},
	number = {3},
	pages = {437--441},
	title = {{Up from the Rubble: Lessons Learned about HRI from Search and Rescue}},
	volume = {49},
	year = {2005}
}

@article{Burke2004a,
	author = {Burke, Jennifer L. and Murphy, Robin R. and Coovert, Michael D. and Riddle, Dawn L.},
	journal = {Human-Computer Interaction},
	number = {1-2},
	pages = {85--116},
	title = {{Moonlight in Miami: Field study of human-robot interaction in the context of an urban search and rescue disaster response training exercise}},
	volume = {19},
	year = {2004}
}

@article{Goodrich2007a,
	author = {Goodrich, Michael A. and Schultz, Alan C.},
	journal = {Foundations and Trends in Human-Computer Interaction},
	number = {3},
	pages = {203--275},
	title = {{Human-Robot Interaction: A Survey}},
	volume = {1},
	year = {2007}
}

@inproceedings{Scholtz2003,
	author = {Scholtz, Jean},
	booktitle = {Proceedings of the 36th Annual Hawaii International Conference on System Sciences},
	publisher = {IEEE},
	title = {{Theory and evaluation of human robot interactions}},
	year = {2003}
}

@inproceedings{Yanco2002,
	author = {Yanco, Holly A. and Drury, Jill L.},
	booktitle = {AAAI Fall Symposium on Human-Robot Interaction},
	pages = {111--119},
	title = {{A Taxonomy for Human-Robot Interaction}},
	year = {2002}
}

@inproceedings{Yanco2004b,
	author = {Yanco, Holly A. and Drury, Jill},
	booktitle = {IEEE International Conference on Systems, Man and Cybernetics (SMC)},
	pages = {2841--2846},
	title = {{Classifying Human-Robot Interaction: An Updated Taxonomy}},
	volume = {3},
	year = {2004}
}

@inproceedings{Dourish1992,
	author = {Dourish, Paul and Bellotti, Victoria},
	booktitle = {Proceedings of the 1992 ACM conference on Computer-supported cooperative work},
	number = {November},
	pages = {107--114},
	publisher = {ACM New York},
	title = {{Awareness and coordination in shared workspaces}},
	year = {1992}
}

@inproceedings{Drury2003,
	author = {Drury, Jill L. and Scholtz, Jean C. and Yanco, Holly A.},
	booktitle = {IEEE International Conference on Systems, Man and Cybernetics (SMC)},
	pages = {912 -- 918 vol.1},
	title = {{Awareness in Human-Robot Interactions}},
	year = {2003}
}

@inproceedings{Goodrich2003,
	author = {Goodrich, Michael A. and Olsen, Dan R.},
	booktitle = {IEEE International Conference on Systems, Man and Cybernetics (SMC)},
	pages = {3942--3948},
	title = {{Seven principles of efficient human robot interaction}},
	volume = {4},
	year = {2003}
}

@inproceedings{Kruijff2012,
	author = {Kruijff, G. J. M. and Miroslav, Janicek and {Keshavdas, Shanker Larochelle}, Benoit and Zender, Hendrik and Smets, N. J. J. M. and Mioch, T. and Neerincx, M. A. and van Diggelen, J. and Colas, F. and Liu, M. and Pomerleau, F. and Siegwart, R. and Hlavac, V. and Svoboda, T. and Petrıcek, T. and Reinstein, M. and Zimmermann, K. and Pirri, F. and Gianni, M. and Papadakis, P. and Sinha, A. and Balmer, P. and Tomatis, N. and Worst, R. and Linder, T. and Surmann, H. and Tretyakov, V. and Corrao, S. and Pratzler-Wanczura, S. and Sulk, M.},
	booktitle = {Proceedings of 8th International Conference on Field and Service Robotics},
	pages = {1--14},
	title = {{Experience in system design for human-robot teaming in urban search {\&} rescue}},
	year = {2012}
}

@inproceedings{Fan2007,
	author = {Fan, Xiaocong and Yen, John},
	booktitle = {Proceedings of the 6th international joint conference on Autonomous agents and multiagent systems},
	pages = {1--8},
	publisher = {ACM Press},
	title = {{Realistic cognitive load modeling for enhancing shared mental models in human-agent collaboration}},
	year = {2007}
}

@inproceedings{Casper2002,
	author = {Casper, Jennifer L. and Murphy, Robin R.},
	booktitle = {IEEE International Conference on Robotics and Automation (ICRA)},
	pages = {1997 -- 2003 vol.2},
	title = {{Workflow study on human-robot interaction in USAR}},
	volume = {2},
	year = {2002}
}

@inproceedings{Burke2004b,
	author = {Burke, Jennifer L. and Murphy, Robin R.},
	booktitle = {IEEE International Workshop on Robot and Human Interactive Communication (RO-MAN)},
	pages = {307--312},
	title = {{Human-Robot Interaction in USAR technical search: Two heads are better than one}},
	year = {2004}
}

@article{Murphy2002,
	author = {Murphy, Robin R. and Blitch, John G. and Casper, Jennifer L.},
	journal = {AI Magazine},
	number = {1},
	pages = {37--42},
	title = {{AAAI/RoboCup-2001 Urban Search and Rescue Events: reality and competition}},
	volume = {23},
	year = {2002}
}

@inproceedings{Steinfeld2006,
	author = {Steinfeld, Aaron and Fong, Terrence and Kaber, David and Lewis, Michael and Scholtz, Jean and Schultz, Alan and Goodrich, Michael A.},
	booktitle = {1st ACM SIGCHI/SIGART conference on Human-Robot Interaction},
	pages = {33--40},
	series = {HRI '06},
	title = {{Common metrics for human-robot interaction}},
	year = {2006}
}

@inproceedings{Olsen2003,
	author = {Olsen, Dan R. and Goodrich, Michael A.},
	booktitle = {PERMIS},
	title = {{Metrics for evaluating Human-Robot Interactions}},
	year = {2003}
}

@inproceedings{Donmez2008,
	author = {Donmez, Birsen and Pina, Patricia E. and Cummings, M. L.},
	booktitle = {Proceedings of the 8th Workshop on Performance Metrics for Intelligent Systems},
	pages = {77--82},
	publisher = {ACM Press},
	title = {{Evaluation criteria for human-automation performance metrics}},
	year = {2008}
}

@article{Ferrell1965,
	author = {Ferrell, William R.},
	number = {1},
	pages = {24--32},
	title = {{Remote manipulation with transmission delay}},
	volume = {HFE-6},
	year = {1965}
}

@inproceedings{CordeLane2002,
	author = {{Corde Lane}, J. and Carignan, C.R. and Sullivan, B.R. and Akin, D.L. and Hunt, T. and Cohen, R.},
	booktitle = {IEEE International Conference on Robotics and Automation (ICRA)},
	number = {May},
	pages = {2874--2879},
	title = {{Effects of time delay on telerobotic control of neutral buoyancy vehicles}},
	volume = {3},
	year = {2002}
}

@inproceedings{Matheson2013,
	author = {Matheson, Adrian and Donmez, Birsen and Rehmatullah, Faizan and Jasiobedzki, Piotr and Ng, Ho-kong and Panwar, Vivek and Li, Mufan},
	booktitle = {Human Factors and Ergonomics Society Annual Meeting},
	month = {sep},
	number = {1},
	pages = {21--25},
	title = {{The Effects of Predictive Displays on Performance in Driving Tasks with Multi-Second Latency: Aiding Tele-Operation of Lunar Rovers}},
	volume = {57},
	year = {2013}
}

@inproceedings{Ricks2004,
	author = {Ricks, Bob and Nielsen, Curtis W. and Goodrich, M},
	booktitle = {IEEE/RSJ International Conference on Intelligent Robots and Systems (IROS)},
	pages = {2855--2860},
	title = {{Ecological displays for robot interaction: a new perspective}},
	volume = {3},
	year = {2004}
}

@inproceedings{Drury2007,
	author = {Drury, Jill L. and Keyes, Brenden and Yanco, Holly A.},
	booktitle = {2nd ACM/IEEE International Conference on Human-Robot Interaction (HRI)},
	pages = {279--286},
	title = {{LASSOing HRI: analyzing situation awareness in map-centric and video-centric interfaces}},
	year = {2007}
}

@article{Bruemmer2005,
	author = {Bruemmer, David J. and Few, Douglas A. and Boring, Ronald L. and Marble, Julie L. and Walton, Miles C. and Nielsen, Curtis W.},
	journal = {IEEE Transactions on Systems, Man, and Cybernetics - Part A: Systems and Humans},
	month = {jul},
	number = {4},
	pages = {494--504},
	title = {{Shared Understanding for Collaborative Control}},
	volume = {35},
	year = {2005}
}

@article{Thomas2001,
	author = {Thomas, Lisa C. and Wickens, Christopher D.},
	journal = {Proceedings of the Human Factors and Ergonomics Society Annual Meeting},
	number = {4},
	pages = {336--340},
	title = {{Visual Displays and Cognitive Tunneling: Frames of Reference Effects on Spatial Judgments and Change Detection}},
	volume = {45},
	year = {2001}
}

@article{Sheridan1993,
author = {Sheridan, Thomas B.},
journal = {IEEE Transactions on Robotics and Automation},
number = {5},
pages = {592--606},
title = {{Space teleoperation through time delay: review and prognosis}},
volume = {9},
year = {1993}
}


@article{Sheridan1995,
	author = {Sheridan, Thomas B.},
	journal = {Control Engineering Practice},
	number = {2},
	pages = {205--214},
	title = {{Teleoperation, telerobotics and telepresence: A progress report}},
	volume = {3},
	year = {1995}
}

@article{Sheridan1978,
	author = {Sheridan, Thomas B. and Verplank, William L.},
	journal = {MIT Man-Machine Systems Laboratory},
	title = {{Human and computer control of undersea teleoperators}},
	url = {http://oai.dtic.mil/oai/oai?verb=getRecord{\&}metadataPrefix=html{\&}identifier=ADA057655},
	year = {1978}
}

@article{Endsley1999,
	author = {Endsley, Mica R. and Kaber, D. B. and {Endsley, M.R., and Kaber}, D.B. and Endsley, Mica R. and Kaber, D. B.},
	journal = {Ergonomics},
	number = {3},
	pages = {462--492},
	title = {{Level of automation effects on performance, situation awareness and workload in a dynamic control task}},
	volume = {42},
	year = {1999}
}

@article{Beer2014,
	author = {Beer, Jenay M. and Fisk, Arthur D. and Rogers, Wendy A.},
	journal = {Journal of Human-Robot Interaction},
	number = {2},
	pages = {74--99},
	title = {{Toward a Framework for Levels of Robot Autonomy in Human-Robot Interaction}},
	volume = {3},
	year = {2014}
}

@article{Parasuraman2000,
	author = {Parasuraman, Raja and Sheridan, Thomas B. and Wickens, Christopher D.},
	journal = {IEEE transactions on systems, man, and cybernetics. Part A, Systems and humans},
	number = {3},
	pages = {286--297},
	title = {{A model for types and levels of human interaction with automation.}},
	volume = {30},
	year = {2000}
}

@article{Backes1994,
	author = {Backes, Paul G.},
	journal = {Robotics and autonomous systems},
	number = {1-2},
	pages = {29--54},
	title = {{Dual-arm supervisory and shared control task description and execution}},
	volume = {12},
	year = {1994}
}

@article{Hansson2010,
	author = {Hansson, A. and Servin, M.},
	journal = {Control Engineering Practice},
	number = {9},
	pages = {1069--1076},
	title = {{Semi-autonomous shared control of large-scale manipulator arms}},
	volume = {18},
	year = {2010}
}

@article{Ballantyne2002,
	author = {Ballantyne, G. H.},
	journal = {Surgical endoscopy},
	number = {10},
	pages = {1389--402},
	title = {{Robotic surgery, telerobotic surgery, telepresence, and telementoring. Review of early clinical results.}},
	volume = {16},
	year = {2002}
}

@inproceedings{Krotkov1996,
	author = {Krotkov, Eric and Simmons, Reid and Cozman, Fabio and Koenig, Sven},
	booktitle = {IEEE Planetary Rover Technology and Systems Workshop},
	title = {{Safeguarded teleoperation for lunar rovers: From human factors to field trials}},
	year = {1996}
}

@inproceedings{Fong2001a,
	author = {Fong, Terrence and Thorpe, Charles and Baur, Charles},
	booktitle = {IEEE International Conference on Advanced Robotics (ICAR)},
	number = {No. LSRO2-CONF-2001-002},
	title = {{A safeguarded teleoperation controller}},
	year = {2001}
}

@inproceedings{Urdiales2007,
	author = {Urdiales, C. and Poncela, A. and Sanchez-Tato, I. and Galluppi, F. and Olivetti, M. and Sandoval, F.},
	booktitle = {IEEE/RSJ International Conference on Intelligent Robots and Systems (IROS)},
	pages = {3586--3591},
	title = {{Efficiency based reactive shared control for collaborative human/robot navigation}},
	year = {2007}
}

@inproceedings{Parikh2005,
	author = {Parikh, S.P. and Grassi, Jr. V. and Kumar, V. and Okamoto, Jr. Jun},
	booktitle = {IEEE International Conference on Robotics and Automation (ICRA)},
	pages = {4745--4750},
	title = {{Usability Study of a Control Framework for an Intelligent Wheelchair}},
	year = {2005}
}

@inproceedings{Carlson2010,
	author = {Carlson, Tom and Demiris, Yiannis},
	booktitle = {IEEE International Conference on Robotics and Automation (ICRA)},
	pages = {5582--5587},
	title = {{Increasing robotic wheelchair safety with collaborative control: Evidence from secondary task experiments}},
	year = {2010}
}

@article{Carlson2012,
	author = {Carlson, Tom and Demiris, Yiannis},
	journal = {IEEE transactions on systems, man, and cybernetics. Part B, Cybernetics},
	number = {3},
	pages = {876--88},
	title = {{Collaborative control for a robotic wheelchair: evaluation of performance, attention, and workload.}},
	volume = {42},
	year = {2012}
}

@inproceedings{Carlson2012a,
	author = {Carlson, Tom and Leeb, Robert and Chavarriaga, Ricardo and Mill{\'{a}}n, Jos{\'{e}} Del R.},
	booktitle = {IEEE International Conference on Systems, Man and Cybernetics (SMC)},
	number = {2},
	pages = {3339--3344},
	title = {{Online modulation of the level of assistance in shared control systems}},
	year = {2012}
}

@inproceedings{Kortenkamp2000,
	author = {Kortenkamp, David and Keirn-Schreckenghost, Debra and Bonasso, R. Peter},
	booktitle = {IEEE Aerospace Conference proceedings},
	pages = {629--640},
	title = {{Adjustable control autonomy for manned space flight}},
	volume = {7},
	year = {2000}
}

@inproceedings{Mano2009,
	author = {Mano, Hayato and Kon, Kazuyuki and Sato, Noritaka and Ito, Masataka and Mizumoto, Hisashi and Goto, Kiyohiro and Chatterjee, Renajit and Matsuno, Fumitoshi},
	booktitle = {IEEE International Conference on Robotics and Biomimetics},
	pages = {1836--1843},
	title = {{Treaded control system for rescue robots in indoor environment}},
	year = {2009}
}

@incollection{Sellner2005,
	author = {Sellner, Brennan and Simmons, Reid and Singh, Sanjiv},
	booktitle = {Multi-Robot Systems. From Swarms to Intelligent Automata Volume III},
	pages = {197--208},
	publisher = {Springer Netherlands},
	title = {{User modelling for principled sliding autonomy in human-robot teams}},
	year = {2005}
}

@article{Kim2004,
	author = {Kim, T.W. and Yuh, J.},
	journal = {Control Engineering Practice},
	number = {12},
	pages = {1521--1530},
	title = {{Development of a real-time control architecture for a semi-autonomous underwater vehicle for intervention missions}},
	volume = {12},
	year = {2004}
}


@inproceedings{Bruemmer2002,
	author = {Bruemmer, David J. and Dudenhoeffer, Donald D. and Marble, Julie L.},
	booktitle = {AAAI Mobile Robot Competition},
	number = {WS-02-18},
	pages = {33--37},
	title = {{Dynamic-Autonomy for Urban Search and Rescue}},
	year = {2002}
}

@inproceedings{Baker2004b,
	author = {Baker, Michael and Yanco, Holly A.},
	booktitle = {IEEE International Conference on Systems, Man and Cybernetics (SMC)},
	pages = {2948--2953},
	title = {{Autonomy mode suggestions for improving human-robot interaction}},
	volume = {3},
	year = {2004}
}

@inproceedings{Marble2004,
	author = {Marble, Julie L. and Bruemmer, David J. and Few, Douglas A. and Dudenhoeffer, Donald D.},
	booktitle = {Proceedings of the 37th Hawaii International Conference on System Sciences},
	number = {C},
	pages = {1--9},
	title = {{Evaluation of supervisory vs. peer-peer interaction with human-robot teams}},
	volume = {00},
	year = {2004}
}

@inproceedings{Goodrich2001,
	author = {Goodrich, Michael A. and {Olsen Jr.}, Dan R. and Crandall, Jacob W. and Palmer, Thomas J.},
	booktitle = {IJCAI Workshop on Autonomy, Delegation, and Control: Interacting with Autonomous Agents},
	pages = {1624--1629},
	title = {{Experiments in Adjustable Autonomy}},
	year = {2001}
}

@inproceedings{Jiang2015,
	author = {Jiang, Shu and Arkin, Ronald C.},
	booktitle = {IEEE International Conference on Systems, Man, and Cybernetics (SMC)},
	pages = {954--961},
	title = {{Mixed-Initiative Human-Robot Interaction : Definition , Taxonomy , and Survey}},
	year = {2015}
}

@inproceedings{Few2006,
	author = {Few, Douglas A. and Bruemmer, David J. and Walton, Miles},
	booktitle = {IEEE International Symposium on Robot and Human Interactive Communication (RO-MAN)},
	month = {sep},
	pages = {171--176},
	title = {{Improved Human-Robot Teaming through Facilitated Initiative}},
	year = {2006}
}

@inproceedings{Bruemmer2004,
	author = {Bruemmer, David J. and Boring, Ronald L. and Few, Douglas A. and Julie, L. and Waiton, Miles C.},
	booktitle = {IEEE International Conference on Systems, Man and Cybernetics (SMC)},
	pages = {2847--2852},
	title = {{"I Call Shotgun !": An Evaluation of Mixed-Initiative Control for Novice Users of a Search and Rescue Robot *}},
	year = {2004}
}

@inproceedings{Bruemmer2008,
	author = {Bruemmer, David J. and Nielsen, Curtis W. and Gertman, David I.},
	booktitle = {The 3rd ACM/IEEE international conference on Human robot interaction (HRI)},
	pages = {161--168},
	publisher = {ACM Press},
	title = {{How training and experience affect the benefits of autonomy in a dirty-bomb experiment}},
	year = {2008}
}

@inproceedings{Armstrong2015,
	author = {Armstrong, Miriam E. and Jones, Keith S. and Schmidlin, Elizabeth A.},
	booktitle = {59th Annual Meeting of the Human Factors and Ergonomics Society},
	pages = {1372--1376},
	title = {{Tele-Operating USAR Robots : Does Driving Performance Increase with Aperture Width or Practice?}},
	year = {2015}
}

@inproceedings{Nielsen2008,
	author = {Nielsen, Curtis W. and Few, Douglas A. and Athey, Devin S.},
	booktitle = {IEEE International Conference on Intelligent Sensors, Sensor Networks and Information Processing},
	pages = {195--200},
	title = {{Using mixed-initiative human-robot interaction to bound performance in a search task}},
	year = {2008}
}

@inproceedings{Carlson2008,
	author = {Carlson, Tom and Demiris, Yiannis},
	booktitle = {Robotic Helpers: User Interaction, Interfaces and Companions in Assistive and Therapy Robotics, a Workshop at ACM/IEEE HRI 2008},
	pages = {59--66},
	title = {{Collaborative Control in Human Wheelchair Interaction Reduces the Need for Dexterity in Precise Manoeuvres}},
	year = {2008}
}

@article{Fong2003,
	author = {Fong, Terrence and Thorpe, Charles and Baur, Charles},
	journal = {Robotics and Autonomous Systems},
	number = {3-4},
	pages = {235--243},
	title = {{Robot, asker of questions}},
	volume = {42},
	year = {2003}
}

@inproceedings{Hardin2009,
	author = {Hardin, Benjamin and Goodrich, Michael A.},
	booktitle = {The 4th ACM/IEEE international conference on human robot interaction (HRI)},
	pages = {165--172},
	title = {{On Using Mixed-Initiative Control : A Perspective for Managing Large-Scale Robotic Teams}},
	year = {2009}
}

@inproceedings{Goodrich2007b,
	author = {Goodrich, Michael A. and McLain, Timothy W. and Anderson, Jeffrey D. and Sun, Jisang and Crandall, Jacob W.},
	booktitle = {Proceedings of the ACM/IEEE international conference on Human-robot interaction (HRI)},
	pages = {25--32},
	title = {{Managing autonomy in robot teams: observations from four experiments}},
	year = {2007}
}

@inproceedings{Riley2006,
	author = {Riley, Jennifer M. and Strater, Laura D.},
	booktitle = {Proceedings of the Human Factors and Ergonomics Society Annual Meeting},
	pages = {540--544},
	title = {{Effects of Robot Control Mode on Situation Awareness and Performance in a Navigation Task}},
	volume = {50},
	year = {2006}
}

@article{Valero-Gomez2011,
	author = {Valero-Gomez, Aberto and de la Puente, Paloma and Hernando, Miguel},
	journal = {Human Factors: The Journal of the Human Factors and Ergonomics Society},
	number = {6},
	pages = {703--716},
	title = {{Impact of Two Adjustable-Autonomy Models on the Scalability of Single-Human/Multiple-Robot Teams for Exploration Missions}},
	volume = {53},
	year = {2011}
}

@inproceedings{Ibanez-Guzman2004,
	author = {Shen, Jian and Ibanez-Guzman, Javier and Ng, Teck Chew and {Seng Chew}, Boon},
	booktitle = {IEEE Conference on Robotics, Automation and Mechatronics},
	pages = {119--123},
	title = {{A collaborative-shared control system with safe obstacle avoidance capability}},
	volume = {1},
	year = {2004}
}

@inproceedings{Finzi2005,
	author = {Finzi, Alberto and Orlandini, Andrea},
	booktitle = {Congress of the Italian Association for Artificial Intelligence},
	pages = {483--494},
	title = {{Human-Robot Interaction through Mixed-Initiative Planning for Rescue and Search Rovers}},
	year = {2005}
}

@inproceedings{Bruemmer2003a,
author = {Bruemmer, David J. and Anderson, Matthew O. and Marble, Julie L. and Dudenhoeffer, Donald D. and Few, Douglas A. and Mckay, Mark D.},
booktitle = {IEEE International Symposium on Intelligent Control},
pages = {750--754},
title = {{Intelligent Autonomy for Remote Characterization of Hazardous Environments}},
volume = {616},
year = {2003}
}

@inproceedings{Bruemmer2003b,
	author = {Bruemmer, David J. and Marble, Julie L. and Dudenhoeffer, Donald D. and Anderson, Matthew O. and Mckay, Mark D.},
	booktitle = {36th Annual Hawaii International Conference on System Sciences},
	pages = {9 pp.-},
	title = {{Mixed-initiative control for remote characterization of hazardous environments}},
	year = {2003}
}

@article{Adams2004,
	author = {Adams, Julie A. and Rani, Pramila and Sarkar, Nilanjan},
	journal = {AAAI Workshop on Supervisory Control of Learning and Adaptive Systems},
	number = {WS-04-08},
	pages = {6--13},
	title = {{Mixed initiative interaction and robotic systems}},
	volume = {Tech. Rep.},
	year = {2004}
}

@inproceedings{Manikonda2007,
	author = {Manikonda, Vikram and Ranjan, Priya and Kulis, Zachary and Drive, Calhoun},
	booktitle = {AAAI Fall Symposium},
	keywords = {Technical Report FS-07-06},
	pages = {92--99},
	title = {{A Mixed Initiative Controller and Testbed for Human Robot Teams in Tactical Operations}},
	year = {2007}
}

@article{Sharek2011,
	author = {Sharek, David},
	journal = {Proceedings of the Human Factors and Ergonomics Society Annual Meeting},
	number = {1},
	pages = {1375--1379},
	title = {{A Useable, Online NASA-TLX Tool}},
	volume = {55},
	year = {2011}
}

@inproceedings{Jacoff2003a,
	author = {Jacoff, A. and Messina, E. and Weiss, B.A. and Tadokoro, S. and Nakagawa, Y.},
	booktitle = {IEEE/RSJ International Conference on Intelligent Robots and Systems (IROS)},
	pages = {3396--3403},
	title = {{Test arenas and performance metrics for urban search and rescue robots}},
	volume = {3},
	year = {2003}
}

@inproceedings{gmapping,
	author = {Grisetti, Giorgio and Stachniss, Cyrill and Burgard, Wolfram},
	booktitle = {IEEE International Conference on Robotics and Automation (ICRA)},
	doi = {10.1109/ROBOT.2005.1570477},
	file = {:home/manolis/.local/share/data/Mendeley Ltd./Mendeley Desktop/Downloaded/Grisetti, Stachniss, Burgard - 2005 - Improving grid-based slam with rao-blackwellized particle filters by adaptive proposals and select.pdf:pdf},
	mendeley-groups = {Implementation/SLAM,BARC,RSMG4,MUST READ,My PhD thesis},
	pages = {2432 -- 2437},
	title = {{Improving grid-based slam with rao-blackwellized particle filters by adaptive proposals and selective resampling}},
	year = {2005}
}

@inproceedings{Echeverria2011,
	author = {Echeverria, Gilberto and Lassabe, Nicolas and Degroote, Arnaud and Lemaignan, S{\'{e}}verin},
	booktitle = {IEEE International Conference on Robotics and Automation (ICRA)},
	pages = {46--51},
	title = {{Modular open robots simulation engine: MORSE}},
	year = {2011}
}

@article{Wilson2003a,
	author = {Wilson, Glenn F. and Russell, Christopher A.},
	journal = {Human Factors: The Journal of the Human Factors and Ergonomics Society},
	number = {4},
	pages = {635--643},
	title = {{Real-Time Assessment of Mental Workload Using Psychophysiological Measures and Artificial Neural Networks}},
	volume = {45},
	year = {2003}
}

@article{Ganis2015,
	author = {Ganis, Giorgio and Kievit, Rogier},
	journal = {Journal of Open Psychology Data},
	number = {1},
	title = {{A New Set of Three-Dimensional Shapes for Investigating Mental Rotation Processes : Validation Data and Stimulus Set}},
	volume = {3},
	year = {2015}
}

@article{Wen2015,
	author = {Wen, Wen and Yamashita, Atsushi and Asama, Hajime},
	journal = {Plos One},
	number = {4},
	pages = {e0125226},
	title = {{The Sense of Agency during Continuous Action: Performance Is More Important than Action-Feedback Association}},
	volume = {10},
	year = {2015}
}

@article{Hart2006,
	author = {Hart, Sandra G.},
	doi = {10.1037/e577632012-009},
	file = {:home/manolis/.local/share/data/Mendeley Ltd./Mendeley Desktop/Downloaded/Hart - 2006 - Nasa-task load index (NASA-TLX) 20 years later.pdf:pdf},
	journal = {Proceedings of the Human Factors and Ergonomics Society Annual Meeting},
	mendeley-groups = {RSMG3{\_}thesis{\_}proposal,Workload/Subjective metrics},
	number = {9},
	pages = {904--908},
	title = {{Nasa-task load index (NASA-TLX); 20 years later}},
	volume = {50},
	year = {2006}
}

@article{Farmer2003,
	author = {Farmer, Eric and Brownson, Adam},
	institution = {European Organisation for the Safety of Air Navigation},
	journal = {European Organisation for the Safety of Air Navigation},
	pages = {1--33},
	title = {{Review of workload measurement, analysis and interpretation methods}},
	volume = {33},
	year = {2003}
}

@article{Wilson2007,
	author = {Wilson, Glenn F. and Russell, Christopher a.},
	journal = {Human Factors: The Journal of the Human Factors and Ergonomics Society},
	month = {dec},
	number = {6},
	pages = {1005--1018},
	title = {{Performance Enhancement in an Uninhabited Air Vehicle Task Using Psychophysiologically Determined Adaptive Aiding}},
	volume = {49},
	year = {2007}
}

@article{Wilson2003,
	author = {Wilson, Glenn F. and Russell, Chris A.},
	journal = {Human Factors: The Journal of the Human Factors and Ergonomics Society},
	number = {3},
	pages = {381--389},
	title = {{Operator Functional State Classification Using Multiple Psychophysiological Features in an Air Traffic Control Task}},
	volume = {45},
	year = {2003}
}

@article{Wilson2000,
	author = {Wilson, Glenn F. and Lambert, Jared D. and Russell, Chris A.},
	journal = {Proceedings of the Human Factors and Ergonomics Society Annual Meeting},
	month = {jul},
	number = {13},
	pages = {61--64},
	publisher = {SAGE Publications},
	title = {{Performance Enhancement with Real-Time Physiologically Controlled Adaptive Aiding}},
	volume = {44},
	year = {2000}
}

@inproceedings{Kothe2011,
	author = {Kothe, Christian A. and Makeig, Scott},
	booktitle = {Annual International Conference of the IEEE Engineering in Medicine and Biology Society.},
	month = {jan},
	pages = {6547--51},
	title = {{Estimation of task workload from EEG data: new and current tools and perspectives.}},
	volume = {2011},
	year = {2011}
}

@article{Prinzel2003,
	author = {Prinzel, Lawrence J. and Freeman, Frederick G. and Scerbo, Mark W. and Mikulka, Peter J. and Pope, Alan T.},
	journal = {Human Factors: The Journal of the Human Factors and Ergonomics Society},
	number = {4},
	pages = {601--613},
	title = {{Effects of a Psychophysiological System for Adaptive Automation on Performance, Workload, and the Event-Related Potential P300 Component}},
	volume = {45},
	year = {2003}
}


@article{Wyble2006a,
	author = {Wyble, Brad and Craston, Patrick and Bowman, Howard},
	journal = {Technical Report, Computing Lab, University of Kent at Canterbury},
	number = {8-06},
	title = {{Electrophysiological Feedback in Adaptive Human Computer Interfaces}},
	year = {2006}
}

@inproceedings{Schaaff2009,
	author = {Schaaff, Kristina and Schultz, Tanja},
	booktitle = {18th IEEE International Symposium on Robot and Human Interactive Communication},
	month = {sep},
	pages = {792--796},
	title = {{Towards an EEG-based emotion recognizer for humanoid robots}},
	year = {2009}
}

@article{Berka2007a,
	author = {Berka, Chris and Levendowski, Daniel J. and Lumicao, Michelle N. and Yau, Alan and Davis, Gene and Zivkovic, Vladimir T. and Olmstead, Richard E. and Tremoulet, Patrice D. and Craven, Patrick L.},
	journal = {Aviation, space, and environmental medicine},
	month = {may},
	number = {5},
	pages = {B231--44},
	title = {{EEG correlates of task engagement and mental workload in vigilance, learning, and memory tasks.}},
	volume = {78},
	year = {2007}
}

@article{Christensen2012,
	author = {Christensen, James C. and Estepp, Justin R. and Wilson, Glenn F. and Russell, Christopher A.},
	journal = {NeuroImage},
	month = {jan},
	number = {1},
	pages = {57--63},
	publisher = {Elsevier B.V.},
	title = {{The effects of day-to-day variability of physiological data on operator functional state classification.}},
	volume = {59},
	year = {2012}
}

@article{Hart1988,
	author = {Hart, Sandra G. and Staveland, Lowell E.},
	journal = {Human mental workload},
	number = {3},
	pages = {139--183},
	title = {{Development of NASA-TLX (Task Load Index): Results of empirical and theoretical research}},
	volume = {1},
	year = {1988}
}

@article{Yagoda2010,
	author = {Yagoda, Rosemarie E.},
	journal = {Proceedings of the Human Factors and Ergonomics Society Annual Meeting},
	month = {sep},
	number = {4},
	pages = {304--308},
	title = {{Development of the Human Robot Interaction Workload Measurement Tool (HRI-WM)}},
	volume = {54},
	year = {2010}
}

@article{Wickens2008,
	author = {Wickens, Christopher D.},
	journal = {Human Factors: The Journal of the Human Factors and Ergonomics Society},
	month = {jun},
	number = {3},
	pages = {449--455},
	title = {{Multiple Resources and Mental Workload}},
	volume = {50},
	year = {2008}
}

@article{Wickens2002,
	author = {Wickens, Christopher D.},
	journal = {Theoretical issues in ergonomics science},
	number = {2},
	pages = {159--177},
	title = {{Multiple resources and performance prediction}},
	volume = {3},
	year = {2002}
}

@inproceedings{Endsley1988,
author = {Endsley, Mica R.},
booktitle = {IEEE National Aerospace and electronics conference},
pages = {789 -- 795 vol.3},
title = {{SITUATION AWARENESS GLOBAL ASSESSMENT TECHNIQUE (SAGAT)}},
year = {1988}
}

@book{Brown1963,
author = {Brown, Robert Goodell},
booktitle = {quantitative methods series.; Prentice-Hall international series in management},
isbn = {0486495922},
pages = {1--468},
publisher = {Courier Corporation},
title = {{Smoothing, forecasting and prediction of discrete time series}},
year = {1963}
}

@article{Nagi2009,
author = {Nagi, Farrukh and Perumal, L. and Nagi, J.},
journal = {Mechatronics},
number = {5},
pages = {748--760},
title = {{A new integrated fuzzy bang-bang relay control system}},
volume = {19},
year = {2009}
}

@article{Mamdani1975,
author = {Mamdani, E.H. and Assilian, S.},
journal = {International Journal of Man-Machine Studies},
number = {1},
pages = {1--13},
title = {{An experiment in linguistic synthesis with a fuzzy logic controller}},
volume = {7},
year = {1975}
}

@article{dwa_planner,
author = {Fox, Dieter and Burgard, Wolfram and Thrun, Sebastian},
journal = {IEEE Robotics {\&} Automation Magazine},
number = {1},
pages = {22--33},
title = {{The dynamic window approach to collision avoidance}},
volume = {4},
year = {1997}
}

@article{Dijkstra1959,
author = {Dijkstra, Edsger W.},
journal = {Numerische Mathematik},
number = {1},
pages = {269--271},
title = {{A note on two problems in connexion with graphs}},
volume = {1},
year = {1959}
}



